<?xml version="1.0" encoding="UTF-8"?><collection xmlns="http://www.loc.gov/MARC21/slim"><record><leader>00366nam--2200133-i-4500</leader><controlfield tag="001">000021465</controlfield><controlfield tag="002">20161230</controlfield><controlfield tag="005">20161230201034</controlfield><controlfield tag="008">060222s1000------------r-----000-0-eng-d</controlfield><datafield ind1=" " ind2=" " tag="080"><subfield code="a">621.039.51:621.311.2</subfield></datafield><datafield ind1=" " ind2=" " tag="100"><subfield code="a">Jay, Kenneth</subfield></datafield><datafield ind1=" " ind2=" " tag="245"><subfield code="a">Calder hall. the story of britain`s first atomic power station</subfield></datafield><datafield ind1=" " ind2=" " tag="260"><subfield code="a">London, Methuen, 1956, Viii + 88p</subfield></datafield><datafield ind1=" " ind2=" " tag="852"><subfield code="a">12316</subfield></datafield></record></collection>